<?xml version="1.0" encoding="UTF-8" ?>
<OAI-PMH xmlns="http://www.openarchives.org/OAI/2.0/" xmlns:xsi="http://www.w3.org/2001/XMLSchema-instance" xsi:schemaLocation="http://www.openarchives.org/OAI/2.0/                                       http://www.openarchives.org/OAI/2.0/OAI-PMH.xsd                        http://www.extensiblecatalog.org/xsd/mst/1.0                                       http://www.extensiblecatalog.org/doc/MST/xsd/mst.xsd">
  <responseDate>2011-08-24T12:53:15Z</responseDate>
  <request verb="ListRecords" resumptionToken="7|1004999|1005000|6679727">http://128.151.244.137:8080/OAIToolkit/oai-request.do</request>
  <ListRecords>
     <record>
      <header>
        <identifier>oai:mst.rochester.edu:marcnormalization/31</identifier>
        <datestamp>2011-02-23T21:25:48Z</datestamp>
        <setSpec>MARCXMLbibliographic</setSpec>
        <setSpec>marcnormalization</setSpec>
      </header>
      <metadata>

	<marc:record xmlns:marc="http://www.loc.gov/MARC21/slim" xmlns:xsi="http://www.w3.org/2001/XMLSchema-instance" xsi:schemaLocation="http://www.loc.gov/MARC21/slim http://128.151.244.137:8080/OAIToolkit/schema/MARC21slim_custom.xsd">
	  <marc:leader>01978cam a2200445 a 4500</marc:leader>
	  <marc:controlfield tag="001">3946984</marc:controlfield>
	  <marc:controlfield tag="003">NRU</marc:controlfield>
	  <marc:controlfield tag="005">20090612125327.0</marc:controlfield>
	  <marc:controlfield tag="008">080918s2008    enka     b    001 0 eng  </marc:controlfield>
	  <marc:datafield ind1=" " ind2=" " tag="010">
	    <marc:subfield code="a">  2007010408</marc:subfield>
	  </marc:datafield>
	  <marc:datafield ind1=" " ind2=" " tag="020">
	    <marc:subfield code="a">0195326776 (alk. paper)</marc:subfield>
	  </marc:datafield>
	  <marc:datafield ind1=" " ind2=" " tag="020">
	    <marc:subfield code="a">9780195326772 (alk. paper)</marc:subfield>
	  </marc:datafield>
	  <marc:datafield ind1="7" ind2=" " tag="024">
	    <marc:subfield code="a">99821523172</marc:subfield>
	    <marc:subfield code="2">YBP</marc:subfield>
	  </marc:datafield>
	  <marc:datafield ind1="1" ind2=" " tag="029">
	    <marc:subfield code="a">NLGGC</marc:subfield>
	    <marc:subfield code="b">307696405</marc:subfield>
	  </marc:datafield>
	  <marc:datafield ind1=" " ind2=" " tag="035">
	    <marc:subfield code="a">(OCoLC)85898999</marc:subfield>
	  </marc:datafield>
	  <marc:datafield ind1=" " ind2=" " tag="035">
	    <marc:subfield code="a">3946984</marc:subfield>
	  </marc:datafield>
	  <marc:datafield ind1=" " ind2=" " tag="040">
	    <marc:subfield code="a">DLC</marc:subfield>
	    <marc:subfield code="c">DLC</marc:subfield>
	    <marc:subfield code="d">BTCTA</marc:subfield>
	    <marc:subfield code="d">BAKER</marc:subfield>
	    <marc:subfield code="d">YDXCP</marc:subfield>
	    <marc:subfield code="d">C#P</marc:subfield>
	    <marc:subfield code="d">IXA</marc:subfield>
	    <marc:subfield code="d">CGU</marc:subfield>
	  </marc:datafield>
	  <marc:datafield ind1=" " ind2=" " tag="049">
	    <marc:subfield code="a">RRRR</marc:subfield>
	  </marc:datafield>
	  <marc:datafield ind1="0" ind2="0" tag="050">
	    <marc:subfield code="a">BQ9265.4</marc:subfield>
	    <marc:subfield code="b">.H45 2008</marc:subfield>
	  </marc:datafield>
	  <marc:datafield ind1="0" ind2="0" tag="082">
	    <marc:subfield code="a">294.3/927</marc:subfield>
	    <marc:subfield code="2">22</marc:subfield>
	  </marc:datafield>
	  <marc:datafield ind1="1" ind2=" " tag="100">
	    <marc:subfield code="a">Heine, Steven,</marc:subfield>
	    <marc:subfield code="d">1950-</marc:subfield>
	    <marc:subfield code="4">aut</marc:subfield>
	  </marc:datafield>
	  <marc:datafield ind1="1" ind2="0" tag="245">
	    <marc:subfield code="a">Zen skin, Zen marrow :</marc:subfield>
	    <marc:subfield code="b">will the real Zen Buddhism please stand up? /</marc:subfield>
	    <marc:subfield code="c">Steven Heine.</marc:subfield>
	  </marc:datafield>
	  <marc:datafield ind1=" " ind2=" " tag="260">
	    <marc:subfield code="a">Oxford ;</marc:subfield>
	    <marc:subfield code="a">New York :</marc:subfield>
	    <marc:subfield code="b">Oxford University Press,</marc:subfield>
	    <marc:subfield code="c">2008.</marc:subfield>
	  </marc:datafield>
	  <marc:datafield ind1=" " ind2=" " tag="300">
	    <marc:subfield code="a">vi, 217 p. :</marc:subfield>
	    <marc:subfield code="b">ill. ;</marc:subfield>
	    <marc:subfield code="c">25 cm.</marc:subfield>
	  </marc:datafield>
	  <marc:datafield ind1=" " ind2=" " tag="504">
	    <marc:subfield code="a">Includes bibliographical references (p. [201]-211) and index.</marc:subfield>
	  </marc:datafield>
	  <marc:datafield ind1="0" ind2=" " tag="505">
	    <marc:subfield code="a">Fore play: the relativity of truth and uncertainty of method -- Zen writes: fun and games with words and letters -- Zen rites: the eclipse of Buddha -- Zen rights: a series of (un)fortunate social events -- The real Zen Buddhism: engaged, enraged or disengaged?</marc:subfield>
	  </marc:datafield>
	  <marc:datafield ind1=" " ind2=" " tag="530">
	    <marc:subfield code="a">Also available on the Internet to subscribing institutions.</marc:subfield>
	  </marc:datafield>
	  <marc:datafield ind1=" " ind2="0" tag="650">
	    <marc:subfield code="a">Zen Buddhism.</marc:subfield>
	  </marc:datafield>
	  <marc:datafield ind1="0" ind2=" " tag="776">
	    <marc:subfield code="a">Heine, Steven, 1950-</marc:subfield>
	    <marc:subfield code="t">Zen skin, Zen marrow</marc:subfield>
	    <marc:subfield code="z">0195326776</marc:subfield>
	    <marc:subfield code="z">9780195326772</marc:subfield>
	    <marc:subfield code="w">(OCoLC)224532574</marc:subfield>
	  </marc:datafield>
	  <marc:datafield ind1="4" ind2="1" tag="856">
	    <marc:subfield code="u">http://dx.doi.org/10.1093/acprof:oso/9780195326772.001.0001</marc:subfield>
	  </marc:datafield>
	  <marc:datafield ind1="4" ind2="1" tag="856">
	    <marc:subfield code="u">http://www.oxfordscholarship.com/oso/public/content/religion/9780195326772/toc.html</marc:subfield>
	  </marc:datafield>
	  <marc:datafield ind1=" " ind2=" " tag="938">
	    <marc:subfield code="a">Baker &amp; Taylor</marc:subfield>
	    <marc:subfield code="b">BKTY</marc:subfield>
	    <marc:subfield code="c">24.95</marc:subfield>
	    <marc:subfield code="d">24.95</marc:subfield>
	    <marc:subfield code="i">0195326776</marc:subfield>
	    <marc:subfield code="n">0007284770</marc:subfield>
	    <marc:subfield code="s">active</marc:subfield>
	  </marc:datafield>
	  <marc:datafield ind1=" " ind2=" " tag="938">
	    <marc:subfield code="a">Baker and Taylor</marc:subfield>
	    <marc:subfield code="b">BTCP</marc:subfield>
	    <marc:subfield code="n">BK0007284770</marc:subfield>
	  </marc:datafield>
	  <marc:datafield ind1=" " ind2=" " tag="938">
	    <marc:subfield code="a">YBP Library Services</marc:subfield>
	    <marc:subfield code="b">YANK</marc:subfield>
	    <marc:subfield code="n">2702503</marc:subfield>
	  </marc:datafield>
	  <marc:datafield ind1=" " ind2=" " tag="949">
	    <marc:subfield code="b">39087029434844</marc:subfield>
	  </marc:datafield>
	  <marc:datafield ind1="4" ind2="1" tag="957">
	    <marc:subfield code="3">Table of contents only</marc:subfield>
	    <marc:subfield code="u">http://www.loc.gov/catdir/toc/ecip0713/2007010408.html</marc:subfield>
	  </marc:datafield>
	  <marc:datafield ind1=" " ind2=" " tag="980">
	    <marc:subfield code="a">2008-09-30</marc:subfield>
	    <marc:subfield code="b">24.95</marc:subfield>
	    <marc:subfield code="e">20.96</marc:subfield>
	    <marc:subfield code="f">521402</marc:subfield>
	    <marc:subfield code="g">1</marc:subfield>
	  </marc:datafield>
	  <marc:datafield ind1=" " ind2=" " tag="994">
	    <marc:subfield code="a">92</marc:subfield>
	    <marc:subfield code="b">RRR</marc:subfield>
	  </marc:datafield>
	  <marc:datafield ind1=" " ind2=" " tag="931">
	    <marc:subfield code="a">Text</marc:subfield>
	    <marc:subfield code="5">NRU</marc:subfield>
	  </marc:datafield>
	  <marc:datafield ind1=" " ind2=" " tag="932">
	    <marc:subfield code="a">Language material</marc:subfield>
	    <marc:subfield code="5">NRU</marc:subfield>
	  </marc:datafield>
	  <marc:datafield ind1=" " ind2=" " tag="933">
	    <marc:subfield code="a">Text</marc:subfield>
	    <marc:subfield code="5">NRU</marc:subfield>
	  </marc:datafield>
	  <marc:datafield ind1=" " ind2=" " tag="935">
	    <marc:subfield code="a">Monograph/Item</marc:subfield>
	    <marc:subfield code="5">NRU</marc:subfield>
	  </marc:datafield>
	  <marc:datafield ind1=" " ind2=" " tag="035">
	    <marc:subfield code="a">(NRU)3946984</marc:subfield>
	  </marc:datafield>
	  <marc:datafield ind1=" " ind2=" " tag="937">
	    <marc:subfield code="a">Non-Fiction</marc:subfield>
	    <marc:subfield code="5">NRU</marc:subfield>
	  </marc:datafield>
	  <marc:datafield ind1=" " ind2=" " tag="941">
	    <marc:subfield code="a">eng</marc:subfield>
	    <marc:subfield code="5">NRU</marc:subfield>
	  </marc:datafield>
	  <marc:datafield ind1=" " ind2=" " tag="943">
	    <marc:subfield code="a">English</marc:subfield>
	    <marc:subfield code="5">NRU</marc:subfield>
	  </marc:datafield>
	  <marc:datafield ind1=" " ind2=" " tag="947">
	    <marc:subfield code="a">0195326776 </marc:subfield>
	    <marc:subfield code="5">NRU</marc:subfield>
	  </marc:datafield>
	  <marc:datafield ind1=" " ind2=" " tag="947">
	    <marc:subfield code="a">9780195326772 </marc:subfield>
	    <marc:subfield code="5">NRU</marc:subfield>
	  </marc:datafield>
	  <marc:datafield ind1="0" ind2="0" tag="240">
	    <marc:subfield code="a">Zen skin, Zen marrow :</marc:subfield>
	  </marc:datafield>
	</marc:record>
      </metadata>
    </record>