
     <record>
      <header>
        <identifier>oai:mst.rochester.edu:marcnormalization/32</identifier>
        <datestamp>2011-02-23T21:25:48Z</datestamp>
        <setSpec>MARCXMLbibliographic</setSpec>
        <setSpec>marcnormalization</setSpec>
      </header>
      <metadata>

	<marc:record xmlns:marc="http://www.loc.gov/MARC21/slim" xmlns:xsi="http://www.w3.org/2001/XMLSchema-instance" xsi:schemaLocation="http://www.loc.gov/MARC21/slim http://128.151.244.137:8080/OAIToolkit/schema/MARC21slim_custom.xsd">
	  <marc:leader>01141caa a2200289Ia 4500</marc:leader>
	  <marc:controlfield tag="001">3642471</marc:controlfield>
	  <marc:controlfield tag="003">NRU</marc:controlfield>
	  <marc:controlfield tag="005">20080107172444.0</marc:controlfield>
	  <marc:controlfield tag="008">071119s1985    txu           000 j eng d</marc:controlfield>
	  <marc:datafield ind1=" " ind2=" " tag="035">
	    <marc:subfield code="a">(OCoLC)181592715</marc:subfield>
	  </marc:datafield>
	  <marc:datafield ind1=" " ind2=" " tag="035">
	    <marc:subfield code="a">3642471</marc:subfield>
	  </marc:datafield>
	  <marc:datafield ind1=" " ind2=" " tag="040">
	    <marc:subfield code="a">RRR</marc:subfield>
	    <marc:subfield code="c">RRR</marc:subfield>
	  </marc:datafield>
	  <marc:datafield ind1=" " ind2=" " tag="043">
	    <marc:subfield code="a">n-us---</marc:subfield>
	  </marc:datafield>
	  <marc:datafield ind1=" " ind2=" " tag="049">
	    <marc:subfield code="a">RRRR</marc:subfield>
	  </marc:datafield>
	  <marc:datafield ind1=" " ind2="4" tag="050">
	    <marc:subfield code="a">PS3570.Y45</marc:subfield>
	    <marc:subfield code="b">A95 1985</marc:subfield>
	  </marc:datafield>
	  <marc:datafield ind1="1" ind2=" " tag="100">
	    <marc:subfield code="a">Tyler, Anne.</marc:subfield>
	    <marc:subfield code="4">aut</marc:subfield>
	  </marc:datafield>
	  <marc:datafield ind1="1" ind2="0" tag="245">
	    <marc:subfield code="a">Average waves in unprotected waters /</marc:subfield>
	    <marc:subfield code="c">Anne Tyler.</marc:subfield>
	  </marc:datafield>
	  <marc:datafield ind1=" " ind2=" " tag="300">
	    <marc:subfield code="a">p. 62-68 ;</marc:subfield>
	    <marc:subfield code="c">23 cm</marc:subfield>
	  </marc:datafield>
	  <marc:datafield ind1=" " ind2=" " tag="500">
	    <marc:subfield code="a">Caption title.</marc:subfield>
	  </marc:datafield>
	  <marc:datafield ind1=" " ind2=" " tag="500">
	    <marc:subfield code="a">Originally published in: New Yorker, Feb. 28, 1977.</marc:subfield>
	  </marc:datafield>
	  <marc:datafield ind1=" " ind2=" " tag="590">
	    <marc:subfield code="a">Rhees Rare Books copy: The Jan Gleason Collection of Anne Tyler.</marc:subfield>
	  </marc:datafield>
	  <marc:datafield ind1=" " ind2=" " tag="590">
	    <marc:subfield code="a">Rhees Rare Books copy: Typescript letter, signed, from UT Press to Elizabeth Pochoda at The nation magazine.</marc:subfield>
	  </marc:datafield>
	  <marc:datafield ind1=" " ind2=" " tag="590">
	    <marc:subfield code="a">Rhees Rare Books accession no.: RB-31423.</marc:subfield>
	  </marc:datafield>
	  <marc:datafield ind1=" " ind2="0" tag="650">
	    <marc:subfield code="a">People with mental disabilities</marc:subfield>
	    <marc:subfield code="z">United States</marc:subfield>
	    <marc:subfield code="v">Fiction.</marc:subfield>
	  </marc:datafield>
	  <marc:datafield ind1="0" ind2=" " tag="773">
	    <marc:subfield code="7">nnam</marc:subfield>
	    <marc:subfield code="t">Despite this flesh.</marc:subfield>
	    <marc:subfield code="b">1st ed.</marc:subfield>
	    <marc:subfield code="d">Austin : University of Texas Press, 1985.</marc:subfield>
	    <marc:subfield code="g">P. 62-68.</marc:subfield>
	    <marc:subfield code="n">"Uncorrected advance proofs"--Cover.</marc:subfield>
	    <marc:subfield code="z">0292724497</marc:subfield>
	    <marc:subfield code="z">0292715501</marc:subfield>
	    <marc:subfield code="w">(DLC)   85000632</marc:subfield>
	    <marc:subfield code="w">(OCoLC)11621738</marc:subfield>
	  </marc:datafield>
	  <marc:datafield ind1=" " ind2=" " tag="994">
	    <marc:subfield code="a">C0</marc:subfield>
	    <marc:subfield code="b">RRR</marc:subfield>
	  </marc:datafield>
	  <marc:datafield ind1=" " ind2=" " tag="931">
	    <marc:subfield code="a">Text</marc:subfield>
	    <marc:subfield code="5">NRU</marc:subfield>
	  </marc:datafield>
	  <marc:datafield ind1=" " ind2=" " tag="932">
	    <marc:subfield code="a">Language material</marc:subfield>
	    <marc:subfield code="5">NRU</marc:subfield>
	  </marc:datafield>
	  <marc:datafield ind1=" " ind2=" " tag="933">
	    <marc:subfield code="a">Text</marc:subfield>
	    <marc:subfield code="5">NRU</marc:subfield>
	  </marc:datafield>
	  <marc:datafield ind1=" " ind2=" " tag="935">
	    <marc:subfield code="a">Monographic component part</marc:subfield>
	    <marc:subfield code="5">NRU</marc:subfield>
	  </marc:datafield>
	  <marc:datafield ind1=" " ind2=" " tag="035">
	    <marc:subfield code="a">(NRU)3642471</marc:subfield>
	  </marc:datafield>
	  <marc:datafield ind1=" " ind2=" " tag="937">
	    <marc:subfield code="a">Fiction</marc:subfield>
	    <marc:subfield code="5">NRU</marc:subfield>
	  </marc:datafield>
	  <marc:datafield ind1=" " ind2=" " tag="941">
	    <marc:subfield code="a">eng</marc:subfield>
	    <marc:subfield code="5">NRU</marc:subfield>
	  </marc:datafield>
	  <marc:datafield ind1=" " ind2=" " tag="943">
	    <marc:subfield code="a">English</marc:subfield>
	    <marc:subfield code="5">NRU</marc:subfield>
	  </marc:datafield>
	  <marc:datafield ind1="0" ind2="0" tag="240">
	    <marc:subfield code="a">Average waves in unprotected waters /</marc:subfield>
	  </marc:datafield>
	  <marc:datafield ind1=" " ind2="0" tag="965">
	    <marc:subfield code="a">People with mental disabilities</marc:subfield>
	    <marc:subfield code="5">NRU</marc:subfield>
	  </marc:datafield>
	  <marc:datafield ind1=" " ind2="0" tag="967">
	    <marc:subfield code="z">United States</marc:subfield>
	    <marc:subfield code="5">NRU</marc:subfield>
	  </marc:datafield>
	  <marc:datafield ind1=" " ind2="0" tag="969">
	    <marc:subfield code="v">Fiction.</marc:subfield>
	    <marc:subfield code="5">NRU</marc:subfield>
	  </marc:datafield>
	</marc:record>
      </metadata>
    </record>