
     <record>
      <header>
        <identifier>oai:mst.rochester.edu:marcnormalization/33</identifier>
        <datestamp>2011-02-23T21:25:48Z</datestamp>
        <setSpec>MARCXMLbibliographic</setSpec>
        <setSpec>marcnormalization</setSpec>
      </header>
      <metadata>
	<marc:record xmlns:marc="http://www.loc.gov/MARC21/slim" xmlns:xsi="http://www.w3.org/2001/XMLSchema-instance" xsi:schemaLocation="http://www.loc.gov/MARC21/slim http://128.151.244.137:8080/OAIToolkit/schema/MARC21slim_custom.xsd">
	  <marc:leader>01684cam a2200457 a 4500</marc:leader>
	  <marc:controlfield tag="001">3813891</marc:controlfield>
	  <marc:controlfield tag="003">NRU</marc:controlfield>
	  <marc:controlfield tag="005">20080528093350.0</marc:controlfield>
	  <marc:controlfield tag="008">070611s2008    enk      b    001 0 eng  </marc:controlfield>
	  <marc:datafield ind1=" " ind2=" " tag="010">
	    <marc:subfield code="a">  2007024219</marc:subfield>
	  </marc:datafield>
	  <marc:datafield ind1=" " ind2=" " tag="020">
	    <marc:subfield code="a">0195328825 (alk. paper)</marc:subfield>
	  </marc:datafield>
	  <marc:datafield ind1=" " ind2=" " tag="020">
	    <marc:subfield code="a">9780195328820 (alk. paper)</marc:subfield>
	  </marc:datafield>
	  <marc:datafield ind1="7" ind2=" " tag="024">
	    <marc:subfield code="a">40015273317</marc:subfield>
	    <marc:subfield code="2">YBP</marc:subfield>
	  </marc:datafield>
	  <marc:datafield ind1=" " ind2=" " tag="035">
	    <marc:subfield code="a">(OCoLC)144768582</marc:subfield>
	  </marc:datafield>
	  <marc:datafield ind1=" " ind2=" " tag="040">
	    <marc:subfield code="a">DLC</marc:subfield>
	    <marc:subfield code="c">DLC</marc:subfield>
	    <marc:subfield code="d">BAKER</marc:subfield>
	    <marc:subfield code="d">BTCTA</marc:subfield>
	    <marc:subfield code="d">YDXCP</marc:subfield>
	    <marc:subfield code="d">CGU</marc:subfield>
	  </marc:datafield>
	  <marc:datafield ind1=" " ind2=" " tag="049">
	    <marc:subfield code="a">RRRR</marc:subfield>
	  </marc:datafield>
	  <marc:datafield ind1="0" ind2="0" tag="050">
	    <marc:subfield code="a">BJ1286.G64</marc:subfield>
	    <marc:subfield code="b">G66 2008</marc:subfield>
	  </marc:datafield>
	  <marc:datafield ind1="0" ind2="0" tag="082">
	    <marc:subfield code="a">296.3/6</marc:subfield>
	    <marc:subfield code="2">22</marc:subfield>
	  </marc:datafield>
	  <marc:datafield ind1="1" ind2=" " tag="100">
	    <marc:subfield code="a">Goodman, Lenn Evan,</marc:subfield>
	    <marc:subfield code="d">1944-</marc:subfield>
	    <marc:subfield code="4">aut</marc:subfield>
	  </marc:datafield>
	  <marc:datafield ind1="1" ind2="0" tag="245">
	    <marc:subfield code="a">Love thy neighbor as thyself /</marc:subfield>
	    <marc:subfield code="c">Lenn E. Goodman.</marc:subfield>
	  </marc:datafield>
	  <marc:datafield ind1=" " ind2=" " tag="260">
	    <marc:subfield code="a">Oxford ;</marc:subfield>
	    <marc:subfield code="a">New York :</marc:subfield>
	    <marc:subfield code="b">Oxford University Press,</marc:subfield>
	    <marc:subfield code="c">2008.</marc:subfield>
	  </marc:datafield>
	  <marc:datafield ind1=" " ind2=" " tag="300">
	    <marc:subfield code="a">x, 235 p. ;</marc:subfield>
	    <marc:subfield code="c">24 cm.</marc:subfield>
	  </marc:datafield>
	  <marc:datafield ind1=" " ind2=" " tag="504">
	    <marc:subfield code="a">Includes bibliographical references and indexes.</marc:subfield>
	  </marc:datafield>
	  <marc:datafield ind1=" " ind2=" " tag="530">
	    <marc:subfield code="a">Also available on the Internet to subscribing institutions.</marc:subfield>
	  </marc:datafield>
	  <marc:datafield ind1=" " ind2="0" tag="650">
	    <marc:subfield code="a">Golden rule.</marc:subfield>
	  </marc:datafield>
	  <marc:datafield ind1=" " ind2="0" tag="650">
	    <marc:subfield code="a">Altruism.</marc:subfield>
	  </marc:datafield>
	  <marc:datafield ind1=" " ind2="0" tag="650">
	    <marc:subfield code="a">Brotherliness.</marc:subfield>
	  </marc:datafield>
	  <marc:datafield ind1=" " ind2="0" tag="650">
	    <marc:subfield code="a">Equality</marc:subfield>
	    <marc:subfield code="x">Religious aspects</marc:subfield>
	    <marc:subfield code="x">Judaism.</marc:subfield>
	  </marc:datafield>
	  <marc:datafield ind1=" " ind2="0" tag="650">
	    <marc:subfield code="a">Conduct of life.</marc:subfield>
	  </marc:datafield>
	  <marc:datafield ind1=" " ind2="0" tag="650">
	    <marc:subfield code="a">Judaism</marc:subfield>
	    <marc:subfield code="x">Doctrines.</marc:subfield>
	  </marc:datafield>
	  <marc:datafield ind1=" " ind2="0" tag="650">
	    <marc:subfield code="a">Jewish ethics.</marc:subfield>
	  </marc:datafield>
	  <marc:datafield ind1="0" ind2=" " tag="776">
	    <marc:subfield code="a">Goodman, Lenn Evan, 1944-</marc:subfield>
	    <marc:subfield code="t">Love thy neighbor as thyself</marc:subfield>
	    <marc:subfield code="z">0195328825</marc:subfield>
	    <marc:subfield code="z">9780195328820</marc:subfield>
	    <marc:subfield code="w">(OCoLC)224529536</marc:subfield>
	  </marc:datafield>
	  <marc:datafield ind1="4" ind2="1" tag="856">
	    <marc:subfield code="u">http://dx.doi.org/10.1093/acprof:oso/9780195328820.001.0001</marc:subfield>
	  </marc:datafield>
	  <marc:datafield ind1="4" ind2="1" tag="856">
	    <marc:subfield code="u">http://www.oxfordscholarship.com/oso/public/content/religion/9780195328820/toc.html</marc:subfield>
	  </marc:datafield>
	  <marc:datafield ind1=" " ind2=" " tag="938">
	    <marc:subfield code="a">Baker and Taylor</marc:subfield>
	    <marc:subfield code="b">BTCP</marc:subfield>
	    <marc:subfield code="n">BK0007440058</marc:subfield>
	  </marc:datafield>
	  <marc:datafield ind1=" " ind2=" " tag="938">
	    <marc:subfield code="a">YBP Library Services</marc:subfield>
	    <marc:subfield code="b">YANK</marc:subfield>
	    <marc:subfield code="n">2781308</marc:subfield>
	  </marc:datafield>
	  <marc:datafield ind1=" " ind2=" " tag="938">
	    <marc:subfield code="a">Baker &amp; Taylor</marc:subfield>
	    <marc:subfield code="b">BKTY</marc:subfield>
	    <marc:subfield code="c">55.00</marc:subfield>
	    <marc:subfield code="d">55.00</marc:subfield>
	    <marc:subfield code="i">0195328825</marc:subfield>
	    <marc:subfield code="n">0007440058</marc:subfield>
	    <marc:subfield code="s">active</marc:subfield>
	  </marc:datafield>
	  <marc:datafield ind1=" " ind2=" " tag="949">
	    <marc:subfield code="b">39087029462092</marc:subfield>
	  </marc:datafield>
	  <marc:datafield ind1=" " ind2=" " tag="980">
	    <marc:subfield code="a">2008-05-08</marc:subfield>
	    <marc:subfield code="b">55</marc:subfield>
	    <marc:subfield code="e">46.2</marc:subfield>
	    <marc:subfield code="f">408286</marc:subfield>
	    <marc:subfield code="g">1</marc:subfield>
	  </marc:datafield>
	  <marc:datafield ind1=" " ind2=" " tag="994">
	    <marc:subfield code="a">92</marc:subfield>
	    <marc:subfield code="b">RRR</marc:subfield>
	  </marc:datafield>
	  <marc:datafield ind1=" " ind2=" " tag="931">
	    <marc:subfield code="a">Text</marc:subfield>
	    <marc:subfield code="5">NRU</marc:subfield>
	  </marc:datafield>
	  <marc:datafield ind1=" " ind2=" " tag="932">
	    <marc:subfield code="a">Language material</marc:subfield>
	    <marc:subfield code="5">NRU</marc:subfield>
	  </marc:datafield>
	  <marc:datafield ind1=" " ind2=" " tag="933">
	    <marc:subfield code="a">Text</marc:subfield>
	    <marc:subfield code="5">NRU</marc:subfield>
	  </marc:datafield>
	  <marc:datafield ind1=" " ind2=" " tag="935">
	    <marc:subfield code="a">Monograph/Item</marc:subfield>
	    <marc:subfield code="5">NRU</marc:subfield>
	  </marc:datafield>
	  <marc:datafield ind1=" " ind2=" " tag="035">
	    <marc:subfield code="a">(NRU)3813891</marc:subfield>
	  </marc:datafield>
	  <marc:datafield ind1=" " ind2=" " tag="937">
	    <marc:subfield code="a">Non-Fiction</marc:subfield>
	    <marc:subfield code="5">NRU</marc:subfield>
	  </marc:datafield>
	  <marc:datafield ind1=" " ind2=" " tag="941">
	    <marc:subfield code="a">eng</marc:subfield>
	    <marc:subfield code="5">NRU</marc:subfield>
	  </marc:datafield>
	  <marc:datafield ind1=" " ind2=" " tag="943">
	    <marc:subfield code="a">English</marc:subfield>
	    <marc:subfield code="5">NRU</marc:subfield>
	  </marc:datafield>
	  <marc:datafield ind1=" " ind2=" " tag="947">
	    <marc:subfield code="a">0195328825 </marc:subfield>
	    <marc:subfield code="5">NRU</marc:subfield>
	  </marc:datafield>
	  <marc:datafield ind1=" " ind2=" " tag="947">
	    <marc:subfield code="a">9780195328820 </marc:subfield>
	    <marc:subfield code="5">NRU</marc:subfield>
	  </marc:datafield>
	  <marc:datafield ind1="0" ind2="0" tag="240">
	    <marc:subfield code="a">Love thy neighbor as thyself /</marc:subfield>
	  </marc:datafield>
	  <marc:datafield ind1=" " ind2="0" tag="965">
	    <marc:subfield code="a">Equality</marc:subfield>
	    <marc:subfield code="5">NRU</marc:subfield>
	  </marc:datafield>
	  <marc:datafield ind1=" " ind2="0" tag="965">
	    <marc:subfield code="a">Judaism</marc:subfield>
	    <marc:subfield code="5">NRU</marc:subfield>
	  </marc:datafield>
	  <marc:datafield ind1=" " ind2="0" tag="965">
	    <marc:subfield code="x">Religious aspects</marc:subfield>
	    <marc:subfield code="5">NRU</marc:subfield>
	  </marc:datafield>
	  <marc:datafield ind1=" " ind2="0" tag="965">
	    <marc:subfield code="x">Judaism.</marc:subfield>
	    <marc:subfield code="5">NRU</marc:subfield>
	  </marc:datafield>
	  <marc:datafield ind1=" " ind2="0" tag="965">
	    <marc:subfield code="x">Doctrines.</marc:subfield>
	    <marc:subfield code="5">NRU</marc:subfield>
	  </marc:datafield>
	</marc:record>
      </metadata>
    </record>