
     <record>
      <header>
        <identifier>oai:mst.rochester.edu:marcnormalization/34</identifier>
        <datestamp>2011-02-23T21:25:48Z</datestamp>
        <setSpec>MARCXMLbibliographic</setSpec>
        <setSpec>marcnormalization</setSpec>
      </header>
      <metadata>
	<marc:record xmlns:marc="http://www.loc.gov/MARC21/slim" xmlns:xsi="http://www.w3.org/2001/XMLSchema-instance" xsi:schemaLocation="http://www.loc.gov/MARC21/slim http://128.151.244.137:8080/OAIToolkit/schema/MARC21slim_custom.xsd">
	  <marc:leader>01503cas a2200361 a 4500</marc:leader>
	  <marc:controlfield tag="001">3403963</marc:controlfield>
	  <marc:controlfield tag="003">NRU</marc:controlfield>
	  <marc:controlfield tag="005">20100216133901.0</marc:controlfield>
	  <marc:controlfield tag="006">m        d        </marc:controlfield>
	  <marc:controlfield tag="007">cr  n         </marc:controlfield>
	  <marc:controlfield tag="008">840222c19839999enkmr p s     0   a0eng c</marc:controlfield>
	  <marc:datafield ind1=" " ind2=" " tag="010">
	    <marc:subfield code="a">   85646072 </marc:subfield>
	  </marc:datafield>
	  <marc:datafield ind1=" " ind2=" " tag="022">
	    <marc:subfield code="a">0262-4230</marc:subfield>
	    <marc:subfield code="l">0262-4230</marc:subfield>
	    <marc:subfield code="2">z</marc:subfield>
	  </marc:datafield>
	  <marc:datafield ind1=" " ind2=" " tag="035">
	    <marc:subfield code="a">(WaSeSS)ssj540</marc:subfield>
	  </marc:datafield>
	  <marc:datafield ind1=" " ind2=" " tag="037">
	    <marc:subfield code="b">Morgan-Grampian, Ltd., 30 Calderwood St., Woolwich, London, SE18 6QH</marc:subfield>
	  </marc:datafield>
	  <marc:datafield ind1=" " ind2=" " tag="040">
	    <marc:subfield code="a">ScU</marc:subfield>
	    <marc:subfield code="c">ScU</marc:subfield>
	    <marc:subfield code="d">AIP</marc:subfield>
	    <marc:subfield code="d">DLC</marc:subfield>
	    <marc:subfield code="d">NST</marc:subfield>
	    <marc:subfield code="d">DLC</marc:subfield>
	    <marc:subfield code="d">NST</marc:subfield>
	    <marc:subfield code="d">AIP</marc:subfield>
	    <marc:subfield code="d">NST</marc:subfield>
	    <marc:subfield code="d">NSDP</marc:subfield>
	    <marc:subfield code="d">NST</marc:subfield>
	    <marc:subfield code="d">NSDP</marc:subfield>
	    <marc:subfield code="d">N</marc:subfield>
	    <marc:subfield code="d">NST</marc:subfield>
	    <marc:subfield code="d">DLC</marc:subfield>
	    <marc:subfield code="d">OCoLC</marc:subfield>
	    <marc:subfield code="d">WaSeSS</marc:subfield>
	  </marc:datafield>
	  <marc:datafield ind1=" " ind2=" " tag="042">
	    <marc:subfield code="a">pcc</marc:subfield>
	    <marc:subfield code="a">nsdp</marc:subfield>
	  </marc:datafield>
	  <marc:datafield ind1="0" ind2="0" tag="050">
	    <marc:subfield code="a">TP1</marc:subfield>
	    <marc:subfield code="b">.M26</marc:subfield>
	  </marc:datafield>
	  <marc:datafield ind1="0" ind2="4" tag="082">
	    <marc:subfield code="a">338.4/76602/05</marc:subfield>
	    <marc:subfield code="2">19</marc:subfield>
	  </marc:datafield>
	  <marc:datafield ind1="0" ind2=" " tag="130">
	    <marc:subfield code="a">Manufacturing chemist (London, England : 1983 : Online)</marc:subfield>
	  </marc:datafield>
	  <marc:datafield ind1="0" ind2=" " tag="210">
	    <marc:subfield code="a">Manuf. chem.</marc:subfield>
	    <marc:subfield code="b">(Lond., 1981)</marc:subfield>
	  </marc:datafield>
	  <marc:datafield ind1=" " ind2="0" tag="222">
	    <marc:subfield code="a">Manufacturing chemist</marc:subfield>
	    <marc:subfield code="b">(London. 1981)</marc:subfield>
	  </marc:datafield>
	  <marc:datafield ind1="1" ind2="0" tag="245">
	    <marc:subfield code="a">Manufacturing chemist</marc:subfield>
	    <marc:subfield code="h">[electronic resource].</marc:subfield>
	  </marc:datafield>
	  <marc:datafield ind1=" " ind2=" " tag="260">
	    <marc:subfield code="a">[London :</marc:subfield>
	    <marc:subfield code="b">Morgan-Grampian,</marc:subfield>
	    <marc:subfield code="c">c1983-</marc:subfield>
	  </marc:datafield>
	  <marc:datafield ind1=" " ind2=" " tag="310">
	    <marc:subfield code="a">Monthly</marc:subfield>
	  </marc:datafield>
	  <marc:datafield ind1="0" ind2=" " tag="362">
	    <marc:subfield code="a">[Vol. 54, no. 9] (Sept. 1983)-</marc:subfield>
	  </marc:datafield>
	  <marc:datafield ind1=" " ind2=" " tag="500">
	    <marc:subfield code="a">Title from cover.</marc:subfield>
	  </marc:datafield>
	  <marc:datafield ind1=" " ind2="0" tag="650">
	    <marc:subfield code="a">Chemical industry</marc:subfield>
	    <marc:subfield code="v">Periodicals.</marc:subfield>
	  </marc:datafield>
	  <marc:datafield ind1="2" ind2=" " tag="710">
	    <marc:subfield code="a">LexisNexis (Firm)</marc:subfield>
	  </marc:datafield>
	  <marc:datafield ind1="0" ind2=" " tag="770">
	    <marc:subfield code="t">Aerosol review</marc:subfield>
	    <marc:subfield code="x">0568-062X</marc:subfield>
	    <marc:subfield code="w">(DLC)   67036176</marc:subfield>
	    <marc:subfield code="w">(OCoLC)1461331</marc:subfield>
	  </marc:datafield>
	  <marc:datafield ind1="0" ind2="0" tag="780">
	    <marc:subfield code="t">Manufacturing chemist incorporating chemical age</marc:subfield>
	    <marc:subfield code="x">0262-4230</marc:subfield>
	    <marc:subfield code="w">(OCoLC)7864074</marc:subfield>
	    <marc:subfield code="w">(DLC)   82641197</marc:subfield>
	    <marc:subfield code="x">0262-4230</marc:subfield>
	  </marc:datafield>
	  <marc:datafield ind1=" " ind2=" " tag="850">
	    <marc:subfield code="a">AAP</marc:subfield>
	    <marc:subfield code="a">CaAEU</marc:subfield>
	    <marc:subfield code="a">CaBVaU</marc:subfield>
	    <marc:subfield code="a">CaOTU</marc:subfield>
	    <marc:subfield code="a">CoFS</marc:subfield>
	    <marc:subfield code="a">CoU</marc:subfield>
	    <marc:subfield code="a">DLC</marc:subfield>
	    <marc:subfield code="a">ICRL</marc:subfield>
	    <marc:subfield code="a">ICarbS</marc:subfield>
	    <marc:subfield code="a">IaAS</marc:subfield>
	    <marc:subfield code="a">InLP</marc:subfield>
	    <marc:subfield code="a">MiDW-M</marc:subfield>
	    <marc:subfield code="a">N</marc:subfield>
	    <marc:subfield code="a">NNC</marc:subfield>
	    <marc:subfield code="a">NcRS</marc:subfield>
	    <marc:subfield code="a">Wa</marc:subfield>
	  </marc:datafield>
	  <marc:datafield ind1="4" ind2="0" tag="856">
	    <marc:subfield code="z">Full text</marc:subfield>
	    <marc:subfield code="u">http://TQ7XH3EE6L.search.serialssolutions.com/?V=1.0&amp;L=TQ7XH3EE6L&amp;S=JCs&amp;C=MANUCHELO&amp;T=marc</marc:subfield>
	  </marc:datafield>
	  <marc:datafield ind1=" " ind2=" " tag="999">
	    <marc:subfield code="a">Journal RCL Internet SS</marc:subfield>
	  </marc:datafield>
	  <marc:datafield ind1=" " ind2=" " tag="931">
	    <marc:subfield code="a">Text</marc:subfield>
	    <marc:subfield code="5">NRU</marc:subfield>
	  </marc:datafield>
	  <marc:datafield ind1=" " ind2=" " tag="932">
	    <marc:subfield code="a">Language material</marc:subfield>
	    <marc:subfield code="5">NRU</marc:subfield>
	  </marc:datafield>
	  <marc:datafield ind1=" " ind2=" " tag="932">
	    <marc:subfield code="a">Computer file</marc:subfield>
	    <marc:subfield code="5">NRU</marc:subfield>
	  </marc:datafield>
	  <marc:datafield ind1=" " ind2=" " tag="933">
	    <marc:subfield code="a">Text</marc:subfield>
	    <marc:subfield code="5">NRU</marc:subfield>
	  </marc:datafield>
	  <marc:datafield ind1=" " ind2=" " tag="935">
	    <marc:subfield code="a">Serial</marc:subfield>
	    <marc:subfield code="5">NRU</marc:subfield>
	  </marc:datafield>
	  <marc:datafield ind1=" " ind2=" " tag="035">
	    <marc:subfield code="a">(NRU)3403963</marc:subfield>
	  </marc:datafield>
	  <marc:datafield ind1=" " ind2=" " tag="933">
	    <marc:subfield code="a">Electronic resource</marc:subfield>
	    <marc:subfield code="5">NRU</marc:subfield>
	  </marc:datafield>
	  <marc:datafield ind1=" " ind2=" " tag="934">
	    <marc:subfield code="a">Remote</marc:subfield>
	    <marc:subfield code="5">NRU</marc:subfield>
	  </marc:datafield>
	  <marc:datafield ind1=" " ind2=" " tag="937">
	    <marc:subfield code="a">Non-Fiction</marc:subfield>
	    <marc:subfield code="5">NRU</marc:subfield>
	  </marc:datafield>
	  <marc:datafield ind1=" " ind2=" " tag="939">
	    <marc:subfield code="a">1983-    </marc:subfield>
	    <marc:subfield code="5">NRU</marc:subfield>
	  </marc:datafield>
	  <marc:datafield ind1=" " ind2=" " tag="941">
	    <marc:subfield code="a">eng</marc:subfield>
	    <marc:subfield code="5">NRU</marc:subfield>
	  </marc:datafield>
	  <marc:datafield ind1=" " ind2=" " tag="943">
	    <marc:subfield code="a">English</marc:subfield>
	    <marc:subfield code="5">NRU</marc:subfield>
	  </marc:datafield>
	  <marc:datafield ind1=" " ind2="0" tag="965">
	    <marc:subfield code="a">Chemical industry</marc:subfield>
	    <marc:subfield code="5">NRU</marc:subfield>
	  </marc:datafield>
	  <marc:datafield ind1=" " ind2="0" tag="969">
	    <marc:subfield code="v">Periodicals.</marc:subfield>
	    <marc:subfield code="5">NRU</marc:subfield>
	  </marc:datafield>
	</marc:record>
      </metadata>
    </record>