
     <record>
      <header>
        <identifier>oai:mst.rochester.edu:marcnormalization/35</identifier>
        <datestamp>2011-02-23T21:25:48Z</datestamp>
        <setSpec>MARCXMLbibliographic</setSpec>
        <setSpec>marcnormalization</setSpec>
      </header>
      <metadata>
	<marc:record xmlns:marc="http://www.loc.gov/MARC21/slim" xmlns:xsi="http://www.w3.org/2001/XMLSchema-instance" xsi:schemaLocation="http://www.loc.gov/MARC21/slim http://128.151.244.137:8080/OAIToolkit/schema/MARC21slim_custom.xsd">
	  <marc:leader>02034cam a2200529 a 4500</marc:leader>
	  <marc:controlfield tag="001">4434377</marc:controlfield>
	  <marc:controlfield tag="003">NRU</marc:controlfield>
	  <marc:controlfield tag="005">20100607141551.0</marc:controlfield>
	  <marc:controlfield tag="008">100318s2010    nyu           000 1 eng  </marc:controlfield>
	  <marc:datafield ind1=" " ind2=" " tag="010">
	    <marc:subfield code="a">  2009045198</marc:subfield>
	  </marc:datafield>
	  <marc:datafield ind1=" " ind2=" " tag="019">
	    <marc:subfield code="a">525226506</marc:subfield>
	  </marc:datafield>
	  <marc:datafield ind1=" " ind2=" " tag="020">
	    <marc:subfield code="a">9780307271860 (hardcover : alk. paper)</marc:subfield>
	  </marc:datafield>
	  <marc:datafield ind1=" " ind2=" " tag="020">
	    <marc:subfield code="a">0307271862 (hardcover : alk. paper)</marc:subfield>
	  </marc:datafield>
	  <marc:datafield ind1="7" ind2=" " tag="024">
	    <marc:subfield code="2">YBP</marc:subfield>
	    <marc:subfield code="a">99936837011</marc:subfield>
	  </marc:datafield>
	  <marc:datafield ind1="1" ind2=" " tag="029">
	    <marc:subfield code="a">NZ1</marc:subfield>
	    <marc:subfield code="b">13106132</marc:subfield>
	  </marc:datafield>
	  <marc:datafield ind1="1" ind2=" " tag="029">
	    <marc:subfield code="a">CDX</marc:subfield>
	    <marc:subfield code="b">10169384</marc:subfield>
	  </marc:datafield>
	  <marc:datafield ind1=" " ind2=" " tag="035">
	    <marc:subfield code="a">(OCoLC)326509270</marc:subfield>
	  </marc:datafield>
	  <marc:datafield ind1=" " ind2=" " tag="035">
	    <marc:subfield code="a">4434377</marc:subfield>
	  </marc:datafield>
	  <marc:datafield ind1=" " ind2=" " tag="040">
	    <marc:subfield code="a">DLC</marc:subfield>
	    <marc:subfield code="c">DLC</marc:subfield>
	    <marc:subfield code="d">BTCTA</marc:subfield>
	    <marc:subfield code="d">YDXCP</marc:subfield>
	    <marc:subfield code="d">GO3</marc:subfield>
	    <marc:subfield code="d">C#P</marc:subfield>
	    <marc:subfield code="d">OJ4</marc:subfield>
	    <marc:subfield code="d">B2A</marc:subfield>
	    <marc:subfield code="d">BWX</marc:subfield>
	    <marc:subfield code="d">SLV</marc:subfield>
	    <marc:subfield code="d">CDX</marc:subfield>
	  </marc:datafield>
	  <marc:datafield ind1="1" ind2=" " tag="041">
	    <marc:subfield code="a">eng</marc:subfield>
	    <marc:subfield code="h">swe</marc:subfield>
	  </marc:datafield>
	  <marc:datafield ind1=" " ind2=" " tag="043">
	    <marc:subfield code="a">e-sw---</marc:subfield>
	  </marc:datafield>
	  <marc:datafield ind1=" " ind2=" " tag="049">
	    <marc:subfield code="a">RRRR</marc:subfield>
	  </marc:datafield>
	  <marc:datafield ind1="0" ind2="0" tag="050">
	    <marc:subfield code="a">PT9876.23.A49</marc:subfield>
	    <marc:subfield code="b">K5613 2010</marc:subfield>
	  </marc:datafield>
	  <marc:datafield ind1="0" ind2="0" tag="082">
	    <marc:subfield code="a">839.73/74</marc:subfield>
	    <marc:subfield code="2">22</marc:subfield>
	  </marc:datafield>
	  <marc:datafield ind1="1" ind2=" " tag="100">
	    <marc:subfield code="a">Mankell, Henning,</marc:subfield>
	    <marc:subfield code="d">1948-</marc:subfield>
	    <marc:subfield code="4">aut</marc:subfield>
	  </marc:datafield>
	  <marc:datafield ind1="1" ind2="0" tag="240">
	    <marc:subfield code="a">Kinesen.</marc:subfield>
	    <marc:subfield code="l">English</marc:subfield>
	  </marc:datafield>
	  <marc:datafield ind1="1" ind2="4" tag="245">
	    <marc:subfield code="a">The man from Beijing /</marc:subfield>
	    <marc:subfield code="c">Henning Mankell ; translated from the Swedish by Laurie Thompson.</marc:subfield>
	  </marc:datafield>
	  <marc:datafield ind1=" " ind2=" " tag="250">
	    <marc:subfield code="a">1st North American ed.</marc:subfield>
	  </marc:datafield>
	  <marc:datafield ind1=" " ind2=" " tag="260">
	    <marc:subfield code="a">New York :</marc:subfield>
	    <marc:subfield code="b">Alfred A. Knopf,</marc:subfield>
	    <marc:subfield code="c">c2010.</marc:subfield>
	  </marc:datafield>
	  <marc:datafield ind1=" " ind2=" " tag="300">
	    <marc:subfield code="a">365 p. ;</marc:subfield>
	    <marc:subfield code="c">25 cm.</marc:subfield>
	  </marc:datafield>
	  <marc:datafield ind1=" " ind2=" " tag="500">
	    <marc:subfield code="a">Originally published under title Kinesen : Stockholm : Leopard, 2008.</marc:subfield>
	  </marc:datafield>
	  <marc:datafield ind1=" " ind2=" " tag="520">
	    <marc:subfield code="a">Hudiksvall, January 2006, police find eighteen people massacred in a small village. They think it's the work of a mad man but Birgitta and August believe they were killed by the same person who killed their mother.</marc:subfield>
	  </marc:datafield>
	  <marc:datafield ind1=" " ind2="0" tag="650">
	    <marc:subfield code="a">Massacres</marc:subfield>
	    <marc:subfield code="z">Sweden</marc:subfield>
	    <marc:subfield code="v">Fiction.</marc:subfield>
	  </marc:datafield>
	  <marc:datafield ind1=" " ind2="0" tag="650">
	    <marc:subfield code="a">Serial murder investigation</marc:subfield>
	    <marc:subfield code="z">Sweden</marc:subfield>
	    <marc:subfield code="v">Fiction.</marc:subfield>
	  </marc:datafield>
	  <marc:datafield ind1=" " ind2="0" tag="650">
	    <marc:subfield code="a">Women judges</marc:subfield>
	    <marc:subfield code="v">Fiction.</marc:subfield>
	  </marc:datafield>
	  <marc:datafield ind1=" " ind2="0" tag="650">
	    <marc:subfield code="a">Mass murder investigation</marc:subfield>
	    <marc:subfield code="v">Fiction.</marc:subfield>
	  </marc:datafield>
	  <marc:datafield ind1=" " ind2="0" tag="650">
	    <marc:subfield code="a">Revenge</marc:subfield>
	    <marc:subfield code="v">Fiction.</marc:subfield>
	  </marc:datafield>
	  <marc:datafield ind1=" " ind2="7" tag="655">
	    <marc:subfield code="a">Suspense fiction.</marc:subfield>
	    <marc:subfield code="2">gsafd</marc:subfield>
	  </marc:datafield>
	  <marc:datafield ind1="1" ind2=" " tag="700">
	    <marc:subfield code="a">Thompson, Laurie,</marc:subfield>
	    <marc:subfield code="d">1938-</marc:subfield>
	  </marc:datafield>
	  <marc:datafield ind1="1" ind2=" " tag="776">
	    <marc:subfield code="t">Man from Beijing.</marc:subfield>
	    <marc:subfield code="z">9780307271860</marc:subfield>
	    <marc:subfield code="z">0307271862</marc:subfield>
	    <marc:subfield code="w">(DLC)  2009045198</marc:subfield>
	    <marc:subfield code="w">(OCoLC)326509270</marc:subfield>
	  </marc:datafield>
	  <marc:datafield ind1=" " ind2=" " tag="938">
	    <marc:subfield code="a">YBP Library Services</marc:subfield>
	    <marc:subfield code="b">YANK</marc:subfield>
	    <marc:subfield code="n">3143869</marc:subfield>
	  </marc:datafield>
	  <marc:datafield ind1=" " ind2=" " tag="938">
	    <marc:subfield code="a">Blackwell Book Service</marc:subfield>
	    <marc:subfield code="b">BBUS</marc:subfield>
	    <marc:subfield code="n">R2830104</marc:subfield>
	    <marc:subfield code="c">$25.95</marc:subfield>
	  </marc:datafield>
	  <marc:datafield ind1=" " ind2=" " tag="938">
	    <marc:subfield code="a">Coutts Information Services</marc:subfield>
	    <marc:subfield code="b">COUT</marc:subfield>
	    <marc:subfield code="n">10169384</marc:subfield>
	  </marc:datafield>
	  <marc:datafield ind1=" " ind2=" " tag="949">
	    <marc:subfield code="b">39087031405816</marc:subfield>
	  </marc:datafield>
	  <marc:datafield ind1=" " ind2=" " tag="980">
	    <marc:subfield code="a">2010-03-31</marc:subfield>
	    <marc:subfield code="b">25.95</marc:subfield>
	    <marc:subfield code="e">21.80</marc:subfield>
	    <marc:subfield code="f">945948</marc:subfield>
	    <marc:subfield code="g">1</marc:subfield>
	  </marc:datafield>
	  <marc:datafield ind1=" " ind2=" " tag="994">
	    <marc:subfield code="a">92</marc:subfield>
	    <marc:subfield code="b">RRR</marc:subfield>
	  </marc:datafield>
	  <marc:datafield ind1=" " ind2=" " tag="931">
	    <marc:subfield code="a">Text</marc:subfield>
	    <marc:subfield code="5">NRU</marc:subfield>
	  </marc:datafield>
	  <marc:datafield ind1=" " ind2=" " tag="932">
	    <marc:subfield code="a">Language material</marc:subfield>
	    <marc:subfield code="5">NRU</marc:subfield>
	  </marc:datafield>
	  <marc:datafield ind1=" " ind2=" " tag="933">
	    <marc:subfield code="a">Text</marc:subfield>
	    <marc:subfield code="5">NRU</marc:subfield>
	  </marc:datafield>
	  <marc:datafield ind1=" " ind2=" " tag="935">
	    <marc:subfield code="a">Monograph/Item</marc:subfield>
	    <marc:subfield code="5">NRU</marc:subfield>
	  </marc:datafield>
	  <marc:datafield ind1=" " ind2=" " tag="035">
	    <marc:subfield code="a">(NRU)4434377</marc:subfield>
	  </marc:datafield>
	  <marc:datafield ind1=" " ind2=" " tag="937">
	    <marc:subfield code="a">Fiction</marc:subfield>
	    <marc:subfield code="5">NRU</marc:subfield>
	  </marc:datafield>
	  <marc:datafield ind1=" " ind2=" " tag="941">
	    <marc:subfield code="a">eng</marc:subfield>
	    <marc:subfield code="5">NRU</marc:subfield>
	  </marc:datafield>
	  <marc:datafield ind1=" " ind2=" " tag="943">
	    <marc:subfield code="a">English</marc:subfield>
	    <marc:subfield code="5">NRU</marc:subfield>
	  </marc:datafield>
	  <marc:datafield ind1=" " ind2=" " tag="947">
	    <marc:subfield code="a">9780307271860 </marc:subfield>
	    <marc:subfield code="5">NRU</marc:subfield>
	  </marc:datafield>
	  <marc:datafield ind1=" " ind2=" " tag="947">
	    <marc:subfield code="a">0307271862 </marc:subfield>
	    <marc:subfield code="5">NRU</marc:subfield>
	  </marc:datafield>
	  <marc:datafield ind1=" " ind2="0" tag="965">
	    <marc:subfield code="a">Massacres</marc:subfield>
	    <marc:subfield code="5">NRU</marc:subfield>
	  </marc:datafield>
	  <marc:datafield ind1=" " ind2="0" tag="965">
	    <marc:subfield code="a">Serial murder investigation</marc:subfield>
	    <marc:subfield code="5">NRU</marc:subfield>
	  </marc:datafield>
	  <marc:datafield ind1=" " ind2="0" tag="965">
	    <marc:subfield code="a">Women judges</marc:subfield>
	    <marc:subfield code="5">NRU</marc:subfield>
	  </marc:datafield>
	  <marc:datafield ind1=" " ind2="0" tag="965">
	    <marc:subfield code="a">Mass murder investigation</marc:subfield>
	    <marc:subfield code="5">NRU</marc:subfield>
	  </marc:datafield>
	  <marc:datafield ind1=" " ind2="0" tag="965">
	    <marc:subfield code="a">Revenge</marc:subfield>
	    <marc:subfield code="5">NRU</marc:subfield>
	  </marc:datafield>
	  <marc:datafield ind1=" " ind2="0" tag="967">
	    <marc:subfield code="z">Sweden</marc:subfield>
	    <marc:subfield code="5">NRU</marc:subfield>
	  </marc:datafield>
	  <marc:datafield ind1=" " ind2="0" tag="969">
	    <marc:subfield code="v">Fiction.</marc:subfield>
	    <marc:subfield code="5">NRU</marc:subfield>
	  </marc:datafield>
	  <marc:datafield ind1="3" ind2="0" tag="246">
	    <marc:subfield code="a">Man from Beijing /</marc:subfield>
	  </marc:datafield>
	</marc:record>
      </metadata>
    </record>