
     <record>
      <header>
        <identifier>oai:mst.rochester.edu:marcnormalization/36</identifier>
        <datestamp>2011-02-23T21:25:48Z</datestamp>
        <setSpec>MARCXMLbibliographic</setSpec>
        <setSpec>marcnormalization</setSpec>
      </header>
      <metadata>
	<marc:record xmlns:marc="http://www.loc.gov/MARC21/slim" xmlns:xsi="http://www.w3.org/2001/XMLSchema-instance" xsi:schemaLocation="http://www.loc.gov/MARC21/slim http://128.151.244.137:8080/OAIToolkit/schema/MARC21slim_custom.xsd">
	  <marc:leader>01933cas a2200481 a 4500</marc:leader>
	  <marc:controlfield tag="001">2259458</marc:controlfield>
	  <marc:controlfield tag="003">NRU</marc:controlfield>
	  <marc:controlfield tag="005">20030427080343.0</marc:controlfield>
	  <marc:controlfield tag="008">830720c19819999nmuar1       f0   a0eng d</marc:controlfield>
	  <marc:datafield ind1=" " ind2=" " tag="010">
	    <marc:subfield code="a">   84641717 </marc:subfield>
	  </marc:datafield>
	  <marc:datafield ind1=" " ind2=" " tag="012">
	    <marc:subfield code="a">3</marc:subfield>
	    <marc:subfield code="b">3</marc:subfield>
	    <marc:subfield code="c">y</marc:subfield>
	  </marc:datafield>
	  <marc:datafield ind1="0" ind2=" " tag="022">
	    <marc:subfield code="a">0364-4065</marc:subfield>
	  </marc:datafield>
	  <marc:datafield ind1=" " ind2=" " tag="035">
	    <marc:subfield code="a">(OCoLC)9752130</marc:subfield>
	  </marc:datafield>
	  <marc:datafield ind1=" " ind2=" " tag="035">
	    <marc:subfield code="a">2259458</marc:subfield>
	  </marc:datafield>
	  <marc:datafield ind1=" " ind2=" " tag="037">
	    <marc:subfield code="b">National Technical Information Service, Springfield, Va. 22161</marc:subfield>
	  </marc:datafield>
	  <marc:datafield ind1=" " ind2=" " tag="040">
	    <marc:subfield code="a">GPO</marc:subfield>
	    <marc:subfield code="c">GPO</marc:subfield>
	    <marc:subfield code="d">DLC</marc:subfield>
	    <marc:subfield code="d">NSD</marc:subfield>
	    <marc:subfield code="d">DLC</marc:subfield>
	    <marc:subfield code="d">GPO</marc:subfield>
	    <marc:subfield code="d">MvI-ocs</marc:subfield>
	    <marc:subfield code="d">MvI-ocs</marc:subfield>
	    <marc:subfield code="d">MvI-edt</marc:subfield>
	    <marc:subfield code="d">MvI</marc:subfield>
	  </marc:datafield>
	  <marc:datafield ind1=" " ind2=" " tag="042">
	    <marc:subfield code="a">lc</marc:subfield>
	    <marc:subfield code="a">nsdp</marc:subfield>
	  </marc:datafield>
	  <marc:datafield ind1=" " ind2=" " tag="043">
	    <marc:subfield code="a">n-us-nm</marc:subfield>
	  </marc:datafield>
	  <marc:datafield ind1=" " ind2=" " tag="050">
	    <marc:subfield code="a">GB1225.N6</marc:subfield>
	    <marc:subfield code="b">A412</marc:subfield>
	  </marc:datafield>
	  <marc:datafield ind1=" " ind2=" " tag="074">
	    <marc:subfield code="a">619-E-31 (MF)</marc:subfield>
	  </marc:datafield>
	  <marc:datafield ind1="0" ind2=" " tag="082">
	    <marc:subfield code="a">553.7/09789</marc:subfield>
	    <marc:subfield code="2">19</marc:subfield>
	  </marc:datafield>
	  <marc:datafield ind1="0" ind2=" " tag="086">
	    <marc:subfield code="a">I 19.53/2:NM-</marc:subfield>
	  </marc:datafield>
	  <marc:datafield ind1=" " ind2="0" tag="222">
	    <marc:subfield code="a">Water resources data for New Mexico</marc:subfield>
	  </marc:datafield>
	  <marc:datafield ind1="0" ind2="0" tag="245">
	    <marc:subfield code="a">Water resources data.</marc:subfield>
	    <marc:subfield code="p">New Mexico.</marc:subfield>
	  </marc:datafield>
	  <marc:datafield ind1="1" ind2="0" tag="246">
	    <marc:subfield code="a">USGS water resources data.</marc:subfield>
	    <marc:subfield code="p">New Mexico</marc:subfield>
	  </marc:datafield>
	  <marc:datafield ind1="1" ind2="0" tag="246">
	    <marc:subfield code="a">New Mexico</marc:subfield>
	  </marc:datafield>
	  <marc:datafield ind1="1" ind2="8" tag="246">
	    <marc:subfield code="a">U.S.G.S. water resources data.</marc:subfield>
	    <marc:subfield code="p">New Mexico</marc:subfield>
	    <marc:subfield code="f">1982-</marc:subfield>
	  </marc:datafield>
	  <marc:datafield ind1=" " ind2=" " tag="260">
	    <marc:subfield code="a">Albuquerque, N.M. :</marc:subfield>
	    <marc:subfield code="b">U.S. Dept. of the Interior, Geological Survey ;</marc:subfield>
	    <marc:subfield code="a">[Springfield, VA :</marc:subfield>
	    <marc:subfield code="b">National Technical Information Service, distributor],</marc:subfield>
	    <marc:subfield code="c">1982-</marc:subfield>
	  </marc:datafield>
	  <marc:datafield ind1=" " ind2=" " tag="300">
	    <marc:subfield code="a">v. ;</marc:subfield>
	    <marc:subfield code="c">28 cm.</marc:subfield>
	  </marc:datafield>
	  <marc:datafield ind1=" " ind2=" " tag="310">
	    <marc:subfield code="a">Annual</marc:subfield>
	  </marc:datafield>
	  <marc:datafield ind1="0" ind2=" " tag="362">
	    <marc:subfield code="a">Water year 1981-</marc:subfield>
	  </marc:datafield>
	  <marc:datafield ind1="1" ind2=" " tag="490">
	    <marc:subfield code="a">U.S. Geological Survey water-data report</marc:subfield>
	  </marc:datafield>
	  <marc:datafield ind1=" " ind2=" " tag="500">
	    <marc:subfield code="a">"Water Resources Division"--Verso of t.p.</marc:subfield>
	  </marc:datafield>
	  <marc:datafield ind1=" " ind2=" " tag="530">
	    <marc:subfield code="a">Vols. for &lt;1983-&gt; distributed to depository libraries in microfiche.</marc:subfield>
	  </marc:datafield>
	  <marc:datafield ind1=" " ind2=" " tag="550">
	    <marc:subfield code="a">Prepared in cooperation with the state of New Mexico and with other agencies.</marc:subfield>
	  </marc:datafield>
	  <marc:datafield ind1=" " ind2="0" tag="650">
	    <marc:subfield code="a">Stream measurements</marc:subfield>
	    <marc:subfield code="z">New Mexico</marc:subfield>
	    <marc:subfield code="v">Periodicals.</marc:subfield>
	  </marc:datafield>
	  <marc:datafield ind1=" " ind2="0" tag="650">
	    <marc:subfield code="a">Water quality</marc:subfield>
	    <marc:subfield code="z">New Mexico</marc:subfield>
	    <marc:subfield code="v">Periodicals.</marc:subfield>
	  </marc:datafield>
	  <marc:datafield ind1="2" ind2=" " tag="710">
	    <marc:subfield code="a">Geological Survey (U.S.).</marc:subfield>
	    <marc:subfield code="b">Water Resources Division.</marc:subfield>
	  </marc:datafield>
	  <marc:datafield ind1="0" ind2=" " tag="760">
	    <marc:subfield code="t">U.S. Geological Survey water-data report</marc:subfield>
	  </marc:datafield>
	  <marc:datafield ind1="0" ind2=" " tag="776">
	    <marc:subfield code="c">Microfiche</marc:subfield>
	    <marc:subfield code="d">Supt. of Docs., U.S. G.P.O.</marc:subfield>
	    <marc:subfield code="w">(DLC)sn 92040104</marc:subfield>
	    <marc:subfield code="w">(OCoLC)11758024</marc:subfield>
	  </marc:datafield>
	  <marc:datafield ind1="0" ind2="0" tag="780">
	    <marc:subfield code="t">Water resources data for New Mexico</marc:subfield>
	    <marc:subfield code="x">0364-4065</marc:subfield>
	    <marc:subfield code="x">(DLC)  68060776</marc:subfield>
	    <marc:subfield code="w">(OCoLC)1160553</marc:subfield>
	  </marc:datafield>
	  <marc:datafield ind1=" " ind2="0" tag="830">
	    <marc:subfield code="a">U.S. Geological Survey water-data report.</marc:subfield>
	  </marc:datafield>
	  <marc:datafield ind1=" " ind2=" " tag="949">
	    <marc:subfield code="l">DocFiche</marc:subfield>
	    <marc:subfield code="m">Gov Doc</marc:subfield>
	  </marc:datafield>
	  <marc:datafield ind1=" " ind2=" " tag="931">
	    <marc:subfield code="a">Text</marc:subfield>
	    <marc:subfield code="5">NRU</marc:subfield>
	  </marc:datafield>
	  <marc:datafield ind1=" " ind2=" " tag="932">
	    <marc:subfield code="a">Language material</marc:subfield>
	    <marc:subfield code="5">NRU</marc:subfield>
	  </marc:datafield>
	  <marc:datafield ind1=" " ind2=" " tag="933">
	    <marc:subfield code="a">Text</marc:subfield>
	    <marc:subfield code="5">NRU</marc:subfield>
	  </marc:datafield>
	  <marc:datafield ind1=" " ind2=" " tag="935">
	    <marc:subfield code="a">Serial</marc:subfield>
	    <marc:subfield code="5">NRU</marc:subfield>
	  </marc:datafield>
	  <marc:datafield ind1=" " ind2=" " tag="035">
	    <marc:subfield code="a">(NRU)2259458</marc:subfield>
	  </marc:datafield>
	  <marc:datafield ind1=" " ind2=" " tag="937">
	    <marc:subfield code="a">Non-Fiction</marc:subfield>
	    <marc:subfield code="5">NRU</marc:subfield>
	  </marc:datafield>
	  <marc:datafield ind1=" " ind2=" " tag="939">
	    <marc:subfield code="a">1981-    </marc:subfield>
	    <marc:subfield code="5">NRU</marc:subfield>
	  </marc:datafield>
	  <marc:datafield ind1=" " ind2=" " tag="941">
	    <marc:subfield code="a">eng</marc:subfield>
	    <marc:subfield code="5">NRU</marc:subfield>
	  </marc:datafield>
	  <marc:datafield ind1=" " ind2=" " tag="943">
	    <marc:subfield code="a">English</marc:subfield>
	    <marc:subfield code="5">NRU</marc:subfield>
	  </marc:datafield>
	  <marc:datafield ind1="0" ind2=" " tag="130">
	    <marc:subfield code="a">Water resources data.</marc:subfield>
	    <marc:subfield code="p">New Mexico.</marc:subfield>
	  </marc:datafield>
	  <marc:datafield ind1=" " ind2="0" tag="965">
	    <marc:subfield code="a">Stream measurements</marc:subfield>
	    <marc:subfield code="5">NRU</marc:subfield>
	  </marc:datafield>
	  <marc:datafield ind1=" " ind2="0" tag="965">
	    <marc:subfield code="a">Water quality</marc:subfield>
	    <marc:subfield code="5">NRU</marc:subfield>
	  </marc:datafield>
	  <marc:datafield ind1=" " ind2="0" tag="967">
	    <marc:subfield code="z">New Mexico</marc:subfield>
	    <marc:subfield code="5">NRU</marc:subfield>
	  </marc:datafield>
	  <marc:datafield ind1=" " ind2="0" tag="969">
	    <marc:subfield code="v">Periodicals.</marc:subfield>
	    <marc:subfield code="5">NRU</marc:subfield>
	  </marc:datafield>
	</marc:record>
      </metadata>
    </record>