
     <record>
      <header>
        <identifier>oai:mst.rochester.edu:marcnormalization/37</identifier>
        <datestamp>2011-02-23T21:25:48Z</datestamp>
        <setSpec>MARCXMLbibliographic</setSpec>
        <setSpec>marcnormalization</setSpec>
      </header>
      <metadata>
	<marc:record xmlns:marc="http://www.loc.gov/MARC21/slim" xmlns:xsi="http://www.w3.org/2001/XMLSchema-instance" xsi:schemaLocation="http://www.loc.gov/MARC21/slim http://128.151.244.137:8080/OAIToolkit/schema/MARC21slim_custom.xsd">
	  <marc:leader>01579cas a22003730  4500</marc:leader>
	  <marc:controlfield tag="001">805593</marc:controlfield>
	  <marc:controlfield tag="003">NRU</marc:controlfield>
	  <marc:controlfield tag="005">20030208142840.0</marc:controlfield>
	  <marc:controlfield tag="008">760616d19741980dcuar1   ys  f0   a0eng d</marc:controlfield>
	  <marc:datafield ind1=" " ind2=" " tag="010">
	    <marc:subfield code="a">87-659180</marc:subfield>
	    <marc:subfield code="z">sc 77001253</marc:subfield>
	  </marc:datafield>
	  <marc:datafield ind1=" " ind2=" " tag="019">
	    <marc:subfield code="a">4619072</marc:subfield>
	    <marc:subfield code="a">7119380</marc:subfield>
	    <marc:subfield code="a">8270617</marc:subfield>
	  </marc:datafield>
	  <marc:datafield ind1=" " ind2=" " tag="022">
	    <marc:subfield code="a">0147-7870</marc:subfield>
	  </marc:datafield>
	  <marc:datafield ind1=" " ind2=" " tag="035">
	    <marc:subfield code="a">(OCoLC)2231304</marc:subfield>
	  </marc:datafield>
	  <marc:datafield ind1=" " ind2=" " tag="040">
	    <marc:subfield code="a">UDI</marc:subfield>
	    <marc:subfield code="c">UDI</marc:subfield>
	    <marc:subfield code="d">COO</marc:subfield>
	    <marc:subfield code="d">NSD</marc:subfield>
	    <marc:subfield code="d">DLC</marc:subfield>
	    <marc:subfield code="d">NSD</marc:subfield>
	    <marc:subfield code="d">OCL</marc:subfield>
	    <marc:subfield code="d">m.c.</marc:subfield>
	    <marc:subfield code="d">DLC</marc:subfield>
	    <marc:subfield code="d">GPO</marc:subfield>
	    <marc:subfield code="d">NST</marc:subfield>
	    <marc:subfield code="d">OCL</marc:subfield>
	  </marc:datafield>
	  <marc:datafield ind1=" " ind2=" " tag="042">
	    <marc:subfield code="a">nsdp</marc:subfield>
	    <marc:subfield code="a">lc</marc:subfield>
	  </marc:datafield>
	  <marc:datafield ind1=" " ind2=" " tag="043">
	    <marc:subfield code="a">n-us---</marc:subfield>
	  </marc:datafield>
	  <marc:datafield ind1="0" ind2="0" tag="050">
	    <marc:subfield code="a">HD7293.A49</marc:subfield>
	    <marc:subfield code="b">H67</marc:subfield>
	  </marc:datafield>
	  <marc:datafield ind1=" " ind2=" " tag="074">
	    <marc:subfield code="a">0582-M</marc:subfield>
	  </marc:datafield>
	  <marc:datafield ind1="0" ind2="0" tag="082">
	    <marc:subfield code="a">363.5/0973/021</marc:subfield>
	    <marc:subfield code="2">19</marc:subfield>
	  </marc:datafield>
	  <marc:datafield ind1="0" ind2=" " tag="086">
	    <marc:subfield code="a">HH 1.38:</marc:subfield>
	  </marc:datafield>
	  <marc:datafield ind1="1" ind2=" " tag="110">
	    <marc:subfield code="a">United States.</marc:subfield>
	    <marc:subfield code="b">Dept. of Housing and Urban Development.</marc:subfield>
	    <marc:subfield code="4">aut</marc:subfield>
	  </marc:datafield>
	  <marc:datafield ind1=" " ind2="0" tag="222">
	    <marc:subfield code="a">Statistical yearbook of the United States Department of Housing and Urban Development</marc:subfield>
	  </marc:datafield>
	  <marc:datafield ind1="1" ind2="0" tag="245">
	    <marc:subfield code="a">Statistical yearbook of the U.S. Department of Housing and Urban Development /</marc:subfield>
	    <marc:subfield code="c">HUD.</marc:subfield>
	  </marc:datafield>
	  <marc:datafield ind1="3" ind2=" " tag="246">
	    <marc:subfield code="a">Housing and Urban Development statistical yearbook</marc:subfield>
	  </marc:datafield>
	  <marc:datafield ind1="3" ind2=" " tag="246">
	    <marc:subfield code="a">Statistical yearbook of the United States Department of Housing and Urban Development</marc:subfield>
	  </marc:datafield>
	  <marc:datafield ind1=" " ind2=" " tag="260">
	    <marc:subfield code="a">[Washington, D.C] :</marc:subfield>
	    <marc:subfield code="b">The Department :</marc:subfield>
	    <marc:subfield code="b">For sale by the Supt. of Docs., U.S. G.P.O.,</marc:subfield>
	    <marc:subfield code="c">1976-</marc:subfield>
	  </marc:datafield>
	  <marc:datafield ind1=" " ind2=" " tag="300">
	    <marc:subfield code="a">v. ;</marc:subfield>
	    <marc:subfield code="c">26 cm.</marc:subfield>
	  </marc:datafield>
	  <marc:datafield ind1=" " ind2=" " tag="310">
	    <marc:subfield code="a">Annual</marc:subfield>
	  </marc:datafield>
	  <marc:datafield ind1="0" ind2=" " tag="362">
	    <marc:subfield code="a">1974-1980.</marc:subfield>
	  </marc:datafield>
	  <marc:datafield ind1=" " ind2=" " tag="500">
	    <marc:subfield code="a">Issues for 1977-&lt;1979&gt; have title: Statistical yearbook.</marc:subfield>
	  </marc:datafield>
	  <marc:datafield ind1=" " ind2="0" tag="650">
	    <marc:subfield code="a">Housing</marc:subfield>
	    <marc:subfield code="z">United States</marc:subfield>
	    <marc:subfield code="x">Statistics</marc:subfield>
	    <marc:subfield code="v">Periodicals.</marc:subfield>
	  </marc:datafield>
	  <marc:datafield ind1=" " ind2="0" tag="650">
	    <marc:subfield code="a">Housing policy</marc:subfield>
	    <marc:subfield code="z">United States</marc:subfield>
	    <marc:subfield code="x">Statistics</marc:subfield>
	    <marc:subfield code="v">Periodicals.</marc:subfield>
	  </marc:datafield>
	  <marc:datafield ind1=" " ind2="0" tag="650">
	    <marc:subfield code="a">Urban renewal</marc:subfield>
	    <marc:subfield code="z">United States</marc:subfield>
	    <marc:subfield code="x">Statistics</marc:subfield>
	    <marc:subfield code="v">Periodicals.</marc:subfield>
	  </marc:datafield>
	  <marc:datafield ind1="0" ind2="0" tag="780">
	    <marc:subfield code="a">United States.  Dept. of Housing and Urban Development.</marc:subfield>
	    <marc:subfield code="t">HUD statistical yearbook</marc:subfield>
	    <marc:subfield code="x">0190-275X</marc:subfield>
	    <marc:subfield code="x">(DLC) 87659179</marc:subfield>
	    <marc:subfield code="w">(OCoLC)2231271</marc:subfield>
	  </marc:datafield>
	  <marc:datafield ind1=" " ind2=" " tag="910">
	    <marc:subfield code="a">950805</marc:subfield>
	  </marc:datafield>
	  <marc:datafield ind1=" " ind2=" " tag="931">
	    <marc:subfield code="a">Text</marc:subfield>
	    <marc:subfield code="5">NRU</marc:subfield>
	  </marc:datafield>
	  <marc:datafield ind1=" " ind2=" " tag="932">
	    <marc:subfield code="a">Language material</marc:subfield>
	    <marc:subfield code="5">NRU</marc:subfield>
	  </marc:datafield>
	  <marc:datafield ind1=" " ind2=" " tag="933">
	    <marc:subfield code="a">Text</marc:subfield>
	    <marc:subfield code="5">NRU</marc:subfield>
	  </marc:datafield>
	  <marc:datafield ind1=" " ind2=" " tag="935">
	    <marc:subfield code="a">Serial</marc:subfield>
	    <marc:subfield code="5">NRU</marc:subfield>
	  </marc:datafield>
	  <marc:datafield ind1=" " ind2=" " tag="035">
	    <marc:subfield code="a">(NRU)805593</marc:subfield>
	  </marc:datafield>
	  <marc:datafield ind1=" " ind2=" " tag="937">
	    <marc:subfield code="a">Non-Fiction</marc:subfield>
	    <marc:subfield code="5">NRU</marc:subfield>
	  </marc:datafield>
	  <marc:datafield ind1=" " ind2=" " tag="939">
	    <marc:subfield code="a">1974-1980</marc:subfield>
	    <marc:subfield code="5">NRU</marc:subfield>
	  </marc:datafield>
	  <marc:datafield ind1=" " ind2=" " tag="941">
	    <marc:subfield code="a">eng</marc:subfield>
	    <marc:subfield code="5">NRU</marc:subfield>
	  </marc:datafield>
	  <marc:datafield ind1=" " ind2=" " tag="943">
	    <marc:subfield code="a">English</marc:subfield>
	    <marc:subfield code="5">NRU</marc:subfield>
	  </marc:datafield>
	  <marc:datafield ind1="0" ind2="0" tag="240">
	    <marc:subfield code="a">Statistical yearbook of the U.S. Department of Housing and Urban Development /</marc:subfield>
	  </marc:datafield>
	  <marc:datafield ind1=" " ind2="0" tag="965">
	    <marc:subfield code="a">Housing</marc:subfield>
	    <marc:subfield code="5">NRU</marc:subfield>
	  </marc:datafield>
	  <marc:datafield ind1=" " ind2="0" tag="965">
	    <marc:subfield code="a">Housing policy</marc:subfield>
	    <marc:subfield code="5">NRU</marc:subfield>
	  </marc:datafield>
	  <marc:datafield ind1=" " ind2="0" tag="965">
	    <marc:subfield code="a">Urban renewal</marc:subfield>
	    <marc:subfield code="5">NRU</marc:subfield>
	  </marc:datafield>
	  <marc:datafield ind1=" " ind2="0" tag="965">
	    <marc:subfield code="x">Statistics</marc:subfield>
	    <marc:subfield code="5">NRU</marc:subfield>
	  </marc:datafield>
	  <marc:datafield ind1=" " ind2="0" tag="967">
	    <marc:subfield code="z">United States</marc:subfield>
	    <marc:subfield code="5">NRU</marc:subfield>
	  </marc:datafield>
	  <marc:datafield ind1=" " ind2="0" tag="969">
	    <marc:subfield code="v">Periodicals.</marc:subfield>
	    <marc:subfield code="5">NRU</marc:subfield>
	  </marc:datafield>
	</marc:record>
      </metadata>
    </record>