
     <record>
      <header>
        <identifier>oai:mst.rochester.edu:marcnormalization/38</identifier>
        <datestamp>2011-02-23T21:25:48Z</datestamp>
        <setSpec>MARCXMLbibliographic</setSpec>
        <setSpec>marcnormalization</setSpec>
      </header>
      <metadata>
	<marc:record xmlns:marc="http://www.loc.gov/MARC21/slim" xmlns:xsi="http://www.w3.org/2001/XMLSchema-instance" xsi:schemaLocation="http://www.loc.gov/MARC21/slim http://128.151.244.137:8080/OAIToolkit/schema/MARC21slim_custom.xsd">
	  <marc:leader>01728cam a2200361Ia 4500</marc:leader>
	  <marc:controlfield tag="001">4034051</marc:controlfield>
	  <marc:controlfield tag="003">NRU</marc:controlfield>
	  <marc:controlfield tag="005">20081203152333.0</marc:controlfield>
	  <marc:controlfield tag="006">m        d        </marc:controlfield>
	  <marc:controlfield tag="007">cr |||||||||||</marc:controlfield>
	  <marc:controlfield tag="008">080214s2005    enka    sbe   001 0 eng  </marc:controlfield>
	  <marc:datafield ind1=" " ind2=" " tag="035">
	    <marc:subfield code="a">(OCoLC)192019147</marc:subfield>
	  </marc:datafield>
	  <marc:datafield ind1=" " ind2=" " tag="040">
	    <marc:subfield code="a">GZM</marc:subfield>
	    <marc:subfield code="c">GZM</marc:subfield>
	    <marc:subfield code="d">GZM</marc:subfield>
	    <marc:subfield code="d">WTU</marc:subfield>
	    <marc:subfield code="d">ZCU</marc:subfield>
	  </marc:datafield>
	  <marc:datafield ind1=" " ind2=" " tag="043">
	    <marc:subfield code="a">n-us---</marc:subfield>
	  </marc:datafield>
	  <marc:datafield ind1=" " ind2=" " tag="049">
	    <marc:subfield code="a">RRRR</marc:subfield>
	  </marc:datafield>
	  <marc:datafield ind1=" " ind2="4" tag="050">
	    <marc:subfield code="a">E185.86</marc:subfield>
	    <marc:subfield code="b">.B542 2005</marc:subfield>
	  </marc:datafield>
	  <marc:datafield ind1="0" ind2="0" tag="245">
	    <marc:subfield code="a">Black women in America</marc:subfield>
	    <marc:subfield code="h">[electronic resource] /</marc:subfield>
	    <marc:subfield code="c">edited by Darlene Clark Hine.</marc:subfield>
	  </marc:datafield>
	  <marc:datafield ind1=" " ind2=" " tag="250">
	    <marc:subfield code="a">2nd ed.</marc:subfield>
	  </marc:datafield>
	  <marc:datafield ind1=" " ind2=" " tag="260">
	    <marc:subfield code="a">Oxford ;</marc:subfield>
	    <marc:subfield code="a">New York :</marc:subfield>
	    <marc:subfield code="b">Oxford University Press,</marc:subfield>
	    <marc:subfield code="c">2005.</marc:subfield>
	  </marc:datafield>
	  <marc:datafield ind1=" " ind2=" " tag="500">
	    <marc:subfield code="a">Title from home page (viewed April 28, 2008).</marc:subfield>
	  </marc:datafield>
	  <marc:datafield ind1=" " ind2=" " tag="504">
	    <marc:subfield code="a">Includes bibliographical references.</marc:subfield>
	  </marc:datafield>
	  <marc:datafield ind1=" " ind2=" " tag="506">
	    <marc:subfield code="a">Available to subscribers of Oxford digital reference shelf.</marc:subfield>
	  </marc:datafield>
	  <marc:datafield ind1=" " ind2=" " tag="520">
	    <marc:subfield code="a">"Women such as Venus and Serena Williams, Condoleezza Rice, Carol Moseley Braun, Ruth Simmons, and Ann Fudge have become household names for their remarkable contributions to sports, politics, academia, and business. In nearly 600 entries, Black Women in America celebrates the remarkable achievements of black women throughout history, highlights their ongoing contributions in America today, and represents the new research the first edition helped to generate. "</marc:subfield>
	  </marc:datafield>
	  <marc:datafield ind1=" " ind2=" " tag="538">
	    <marc:subfield code="a">Mode of access: World Wide Web.</marc:subfield>
	  </marc:datafield>
	  <marc:datafield ind1=" " ind2=" " tag="550">
	    <marc:subfield code="a">Issued as part of Oxford digital reference shelf.</marc:subfield>
	  </marc:datafield>
	  <marc:datafield ind1=" " ind2="0" tag="650">
	    <marc:subfield code="a">African American women</marc:subfield>
	    <marc:subfield code="v">Encyclopedias.</marc:subfield>
	  </marc:datafield>
	  <marc:datafield ind1="1" ind2=" " tag="700">
	    <marc:subfield code="a">Hine, Darlene Clark.</marc:subfield>
	  </marc:datafield>
	  <marc:datafield ind1="2" ind2=" " tag="710">
	    <marc:subfield code="a">Oxford University Press.</marc:subfield>
	  </marc:datafield>
	  <marc:datafield ind1="0" ind2=" " tag="740">
	    <marc:subfield code="a">Oxford digital reference shelf.</marc:subfield>
	  </marc:datafield>
	  <marc:datafield ind1="0" ind2=" " tag="776">
	    <marc:subfield code="t">Black women in America</marc:subfield>
	    <marc:subfield code="z">0195156773</marc:subfield>
	    <marc:subfield code="z">9780195156775</marc:subfield>
	    <marc:subfield code="w">(OCoLC)57506600</marc:subfield>
	  </marc:datafield>
	  <marc:datafield ind1="4" ind2="0" tag="856">
	    <marc:subfield code="u">www.oxford-blackwomenamerica.com</marc:subfield>
	  </marc:datafield>
	  <marc:datafield ind1=" " ind2=" " tag="994">
	    <marc:subfield code="a">C0</marc:subfield>
	    <marc:subfield code="b">RRR</marc:subfield>
	  </marc:datafield>
	  <marc:datafield ind1=" " ind2=" " tag="999">
	    <marc:subfield code="a">Text data RCL Internet</marc:subfield>
	  </marc:datafield>
	  <marc:datafield ind1=" " ind2=" " tag="931">
	    <marc:subfield code="a">Text</marc:subfield>
	    <marc:subfield code="5">NRU</marc:subfield>
	  </marc:datafield>
	  <marc:datafield ind1=" " ind2=" " tag="932">
	    <marc:subfield code="a">Language material</marc:subfield>
	    <marc:subfield code="5">NRU</marc:subfield>
	  </marc:datafield>
	  <marc:datafield ind1=" " ind2=" " tag="932">
	    <marc:subfield code="a">Computer file</marc:subfield>
	    <marc:subfield code="5">NRU</marc:subfield>
	  </marc:datafield>
	  <marc:datafield ind1=" " ind2=" " tag="933">
	    <marc:subfield code="a">Text</marc:subfield>
	    <marc:subfield code="5">NRU</marc:subfield>
	  </marc:datafield>
	  <marc:datafield ind1=" " ind2=" " tag="935">
	    <marc:subfield code="a">Monograph/Item</marc:subfield>
	    <marc:subfield code="5">NRU</marc:subfield>
	  </marc:datafield>
	  <marc:datafield ind1=" " ind2=" " tag="035">
	    <marc:subfield code="a">(NRU)4034051</marc:subfield>
	  </marc:datafield>
	  <marc:datafield ind1=" " ind2=" " tag="933">
	    <marc:subfield code="a">Electronic resource</marc:subfield>
	    <marc:subfield code="5">NRU</marc:subfield>
	  </marc:datafield>
	  <marc:datafield ind1=" " ind2=" " tag="934">
	    <marc:subfield code="a">Remote</marc:subfield>
	    <marc:subfield code="5">NRU</marc:subfield>
	  </marc:datafield>
	  <marc:datafield ind1=" " ind2=" " tag="937">
	    <marc:subfield code="a">Non-Fiction</marc:subfield>
	    <marc:subfield code="5">NRU</marc:subfield>
	  </marc:datafield>
	  <marc:datafield ind1=" " ind2=" " tag="941">
	    <marc:subfield code="a">eng</marc:subfield>
	    <marc:subfield code="5">NRU</marc:subfield>
	  </marc:datafield>
	  <marc:datafield ind1=" " ind2=" " tag="943">
	    <marc:subfield code="a">English</marc:subfield>
	    <marc:subfield code="5">NRU</marc:subfield>
	  </marc:datafield>
	  <marc:datafield ind1="0" ind2=" " tag="130">
	    <marc:subfield code="a">Black women in America</marc:subfield>
	  </marc:datafield>
	  <marc:datafield ind1=" " ind2="0" tag="965">
	    <marc:subfield code="a">African American women</marc:subfield>
	    <marc:subfield code="5">NRU</marc:subfield>
	  </marc:datafield>
	  <marc:datafield ind1=" " ind2="0" tag="969">
	    <marc:subfield code="v">Encyclopedias.</marc:subfield>
	    <marc:subfield code="5">NRU</marc:subfield>
	  </marc:datafield>
	</marc:record>

      </metadata>
    </record>

  </ListRecords>
</OAI-PMH>
